<?xml version="1.0" encoding="UTF-8"?><collection xmlns="http://www.loc.gov/MARC21/slim"><record><leader>00443nam--2200145-i-4500</leader><controlfield tag="001">000003058</controlfield><controlfield tag="002">20161230</controlfield><controlfield tag="005">20161230201025</controlfield><controlfield tag="008">060222s1000------------r-----000-0-eng-d</controlfield><datafield ind1=" " ind2=" " tag="100"><subfield code="a">Behnke, H.Und Sommer F</subfield></datafield><datafield ind1=" " ind2=" " tag="245"><subfield code="a">Theorie der analytischen funktionen eine kompl exen veranderlichen</subfield></datafield><datafield ind1=" " ind2=" " tag="260"><subfield code="a">Berlin, Springer, 1955 X + 582 P</subfield></datafield><datafield ind1=" " ind2=" " tag="490"><subfield code="a">Die Grundlehre Der Mathematischen Wiss</subfield></datafield><datafield ind1=" " ind2=" " tag="852"><subfield code="a">11905</subfield><subfield code="c">517.53</subfield></datafield><datafield ind1=" " ind2=" " tag="CAT"><subfield code="a">Sys</subfield><subfield code="c">20080818</subfield><subfield code="h">101918</subfield></datafield></record></collection>